<record xmlns="http://www.loc.gov/MARC21/slim" xmlns:xsi="http://www.w3.org/2001/XMLSchema-instance" xsi:schemaLocation="http://www.loc.gov/MARC21/slim http://www.loc.gov/standards/marcxml/schema/MARC21slim.xsd"><leader>     nam a22        4500</leader><controlfield tag="001">3072847</controlfield><controlfield tag="003">NNC</controlfield><controlfield tag="006">m        d        </controlfield><controlfield tag="007">cr cn |||m|||a</controlfield><controlfield tag="008">150316s1953    sy      ob    000 0 ara  </controlfield><datafield ind1=" " ind2=" " tag="040"><subfield code="a">NNU</subfield><subfield code="b">eng</subfield><subfield code="e">rda</subfield><subfield code="c">NNU</subfield></datafield><datafield ind1="0" ind2=" " tag="041"><subfield code="a">ara</subfield><subfield code="a">eng</subfield></datafield><datafield ind1=" " ind2="4" tag="050"><subfield code="a">PJ6680</subfield><subfield code="b">.Ak5</subfield></datafield><datafield ind1="1" ind2=" " tag="100"><subfield code="a">Akil, Fakhir H.</subfield></datafield><datafield ind1="1" ind2="4" tag="245"><subfield code="a">The basic vocabulary of the Arabic primary reading.</subfield></datafield><datafield ind1=" " ind2=" " tag="260"><subfield code="a">Damascus :</subfield><subfield code="b">[publisher not identified],</subfield><subfield code="c">1953.</subfield></datafield><datafield ind1=" " ind2=" " tag="300"><subfield code="a">online resource (8, 480 leaves)</subfield></datafield><datafield ind1=" " ind2=" " tag="336"><subfield code="a">text</subfield><subfield code="2">rdacontent</subfield></datafield><datafield ind1=" " ind2=" " tag="337"><subfield code="a">computer</subfield><subfield code="2">rdamedia</subfield></datafield><datafield ind1=" " ind2=" " tag="338"><subfield code="a">online resource</subfield><subfield code="2">rdacarrier</subfield></datafield><datafield ind1=" " ind2=" " tag="500"><subfield code="a">In Arabic.</subfield></datafield><datafield ind1=" " ind2=" " tag="500"><subfield code="a">Part of the Arabic Collections Online (ACO) project, contributed by Columbia University Libraries.</subfield></datafield><datafield ind1=" " ind2=" " tag="504"><subfield code="a">Includes bibliographical references (leaf 8 (1st group)).</subfield></datafield><datafield ind1=" " ind2=" " tag="533"><subfield code="a">Electronic reproduction.</subfield><subfield code="b">New York, N.Y. :</subfield><subfield code="c">New York University,</subfield><subfield code="d">2015.</subfield><subfield code="5">NNU</subfield></datafield><datafield ind1=" " ind2="0" tag="650"><subfield code="a">Arabic language</subfield><subfield code="v">Glossaries, vocabularies, etc.</subfield></datafield><datafield ind1=" " ind2="7" tag="650"><subfield code="a">Arabic language.</subfield><subfield code="2">fast</subfield><subfield code="0">(OCoLC)fst00812287</subfield></datafield><datafield ind1=" " ind2="7" tag="655"><subfield code="a">Glossaries, vocabularies, etc.</subfield><subfield code="2">fast</subfield><subfield code="0">(OCoLC)fst01423786</subfield></datafield><datafield ind1="2" ind2=" " tag="710"><subfield code="a">Columbia University.</subfield><subfield code="b">Libraries.</subfield></datafield><datafield ind1="0" ind2=" " tag="730"><subfield code="a">Arabic Collections Online.</subfield></datafield><datafield ind1="0" ind2="8" tag="776"><subfield code="i">Print version:</subfield><subfield code="a">Akil, Fakhir H.</subfield><subfield code="t">The basic vocabulary of the Arabic primary reading</subfield><subfield code="w">(NNC)3072847</subfield><subfield code="w">(DLC)   54020393 </subfield><subfield code="w">(OCoLC)13714401</subfield></datafield><datafield ind1="4" ind2="0" tag="856"><subfield code="u">http://hdl.handle.net/2333.1/s7h44mcf</subfield></datafield><datafield ind1=" " ind2=" " tag="959"><subfield code="a">NNU</subfield><subfield code="b">WEB</subfield><subfield code="c">GENI</subfield><subfield code="t">0</subfield><subfield code="m">Electronic access</subfield><subfield code="s">01</subfield></datafield><datafield ind1=" " ind2=" " tag="999"><subfield code="i">NNC_3072847</subfield><subfield code="o">(OCoLC)ocm13714401 </subfield><subfield code="s">columbia_aco000248</subfield><subfield code="e">(ERROR-880)</subfield></datafield></record>